@article{chillEONSoftwareLong2014,
  title = {{{EON}}: Software for Long Time Simulations of Atomic Scale Systems},
  shorttitle = {{{EON}}},
  author = {Chill, Samuel T and Welborn, Matthew and Terrell, Rye and Zhang, Liang and Berthet, Jean-Claude and Pedersen, Andreas and J{\'o}nsson, Hannes and Henkelman, Graeme},
  year = {2014},
  month = jul,
  journal = {Modelling and Simulation in Materials Science and Engineering},
  volume = {22},
  number = {5},
  pages = {055002},
  issn = {0965-0393, 1361-651X},
  doi = {10.1088/0965-0393/22/5/055002},
  urldate = {2019-07-06},
  langid = {english},
  annotation = {00000}
}

@article{henkelmanDimerMethodFinding1999,
  title = {A Dimer Method for Finding Saddle Points on High Dimensional Potential Surfaces Using Only First Derivatives},
  author = {Henkelman, Graeme and J{\'o}nsson, Hannes},
  year = {1999},
  month = oct,
  journal = {The Journal of Chemical Physics},
  volume = {111},
  number = {15},
  pages = {7010--7022},
  issn = {0021-9606, 1089-7690},
  doi = {10.1063/1.480097},
  urldate = {2021-05-03},
  langid = {english}
}

@article{henkelmanLongTimeScale2001,
  title = {Long Time Scale Kinetic {{Monte Carlo}} Simulations without Lattice Approximation and Predefined Event Table},
  author = {Henkelman, Graeme and J{\'o}nsson, Hannes},
  year = {2001},
  month = nov,
  journal = {The Journal of Chemical Physics},
  volume = {115},
  number = {21},
  pages = {9657--9666},
  publisher = {American Institute of Physics},
  issn = {0021-9606},
  doi = {10.1063/1.1415500},
  urldate = {2020-12-07}
}

@article{heydenEfficientMethodsFinding2005,
  title = {Efficient Methods for Finding Transition States in Chemical Reactions: {{Comparison}} of Improved Dimer Method and Partitioned Rational Function Optimization Method},
  shorttitle = {Efficient Methods for Finding Transition States in Chemical Reactions},
  author = {Heyden, Andreas and Bell, Alexis T. and Keil, Frerich J.},
  year = {2005},
  month = dec,
  journal = {The Journal of Chemical Physics},
  volume = {123},
  number = {22},
  pages = {224101},
  publisher = {American Institute of Physics},
  issn = {0021-9606},
  doi = {10.1063/1.2104507},
  urldate = {2021-01-18}
}

@article{iwamatsuBasinHoppingOccasional2004,
  title = {Basin Hopping with Occasional Jumping},
  author = {Iwamatsu, Masao and Okabe, Yutaka},
  year = {2004},
  month = dec,
  journal = {Chemical Physics Letters},
  volume = {399},
  number = {4},
  pages = {396--400},
  issn = {0009-2614},
  doi = {10.1016/j.cplett.2004.10.032},
  urldate = {2021-03-01},
  langid = {english}
}

@article{kastnerSuperlinearlyConvergingDimer2008a,
  title = {Superlinearly Converging Dimer Method for Transition State Search},
  author = {K{\"a}stner, Johannes and Sherwood, Paul},
  year = {2008},
  month = jan,
  journal = {The Journal of Chemical Physics},
  volume = {128},
  number = {1},
  pages = {014106},
  issn = {0021-9606, 1089-7690},
  doi = {10.1063/1.2815812},
  urldate = {2024-06-22},
  langid = {english}
}

@article{malekDynamicsLennardJonesClusters2000,
  title = {Dynamics of {{Lennard-Jones}} Clusters: {{A}} Characterization of the Activation-Relaxation Technique},
  shorttitle = {Dynamics of {{Lennard-Jones}} Clusters},
  author = {Malek, Rachid and Mousseau, Normand},
  year = {2000},
  month = dec,
  journal = {Physical Review E},
  volume = {62},
  number = {6},
  pages = {7723--7728},
  issn = {1063-651X, 1095-3787},
  doi = {10.1103/PhysRevE.62.7723},
  urldate = {2024-06-22},
  copyright = {http://link.aps.org/licenses/aps-default-license},
  langid = {english}
}

@article{mironAcceleratedMolecularDynamics2003,
  title = {Accelerated Molecular Dynamics with the Bond-Boost Method},
  author = {Miron, Radu A. and Fichthorn, Kristen A.},
  year = {2003},
  month = sep,
  journal = {The Journal of Chemical Physics},
  volume = {119},
  number = {12},
  pages = {6210--6216},
  issn = {0021-9606},
  doi = {10.1063/1.1603722},
  urldate = {2024-06-22}
}

@article{olsenComparisonMethodsFinding2004,
  title = {Comparison of Methods for Finding Saddle Points without Knowledge of the Final States},
  author = {Olsen, R. A. and Kroes, G. J. and Henkelman, G. and Arnaldsson, A. and J{\'o}nsson, H.},
  year = {2004},
  month = nov,
  journal = {The Journal of Chemical Physics},
  volume = {121},
  number = {20},
  pages = {9776--9792},
  publisher = {American Institute of Physics},
  issn = {0021-9606},
  doi = {10.1063/1.1809574},
  urldate = {2021-01-21}
}

@article{pedersenBowlBreakoutEscaping2014,
  title = {Bowl Breakout: {{Escaping}} the Positive Region When Searching for Saddle Points},
  shorttitle = {Bowl Breakout},
  author = {Pedersen, Andreas and Luiser, Mathieu},
  year = {2014},
  month = jul,
  journal = {The Journal of Chemical Physics},
  volume = {141},
  number = {2},
  pages = {024109},
  issn = {0021-9606, 1089-7690},
  doi = {10.1063/1.4885852},
  urldate = {2024-06-22},
  langid = {english}
}

@article{voterHyperdynamicsAcceleratedMolecular1997,
  title = {Hyperdynamics: {{Accelerated Molecular Dynamics}} of {{Infrequent Events}}},
  shorttitle = {Hyperdynamics},
  author = {Voter, Arthur F.},
  year = {1997},
  month = may,
  journal = {Physical Review Letters},
  volume = {78},
  number = {20},
  pages = {3908--3911},
  issn = {0031-9007, 1079-7114},
  doi = {10.1103/PhysRevLett.78.3908},
  urldate = {2024-06-22},
  copyright = {http://link.aps.org/licenses/aps-default-license},
  langid = {english}
}

@article{walesGlobalOptimizationBasinHopping1997,
  title = {Global {{Optimization}} by {{Basin-Hopping}} and the {{Lowest Energy Structures}} of {{Lennard-Jones Clusters Containing}} up to 110 {{Atoms}}},
  author = {Wales, David J. and Doye, Jonathan P. K.},
  year = {1997},
  month = jul,
  journal = {The Journal of Physical Chemistry A},
  volume = {101},
  number = {28},
  pages = {5111--5116},
  publisher = {American Chemical Society},
  issn = {1089-5639},
  doi = {10.1021/jp970984n},
  urldate = {2021-03-07}
}

@article{whiteInvestigationTwoApproaches1998,
  title = {An Investigation of Two Approaches to Basin Hopping Minimization for Atomic and Molecular Clusters},
  author = {White, Ronald P and Mayne, Howard R},
  year = {1998},
  month = jun,
  journal = {Chemical Physics Letters},
  volume = {289},
  number = {5-6},
  pages = {463--468},
  issn = {00092614},
  doi = {10.1016/S0009-2614(98)00431-X},
  urldate = {2024-06-22},
  copyright = {https://www.elsevier.com/tdm/userlicense/1.0/},
  langid = {english}
}

@article{xuAdaptiveKineticMonte2008,
  title = {Adaptive Kinetic {{Monte Carlo}} for First-Principles Accelerated Dynamics},
  author = {Xu, Lijun and Henkelman, Graeme},
  year = {2008},
  month = sep,
  journal = {The Journal of Chemical Physics},
  volume = {129},
  number = {11},
  pages = {114104},
  publisher = {American Institute of Physics},
  issn = {0021-9606},
  doi = {10.1063/1.2976010},
  urldate = {2020-12-07}
}

@article{xuAdaptiveKineticMonte2008a,
  title = {Adaptive Kinetic {{Monte Carlo}} for First-Principles Accelerated Dynamics},
  author = {Xu, Lijun and Henkelman, Graeme},
  year = {2008},
  month = sep,
  journal = {The Journal of Chemical Physics},
  volume = {129},
  number = {11},
  pages = {114104},
  issn = {0021-9606, 1089-7690},
  doi = {10.1063/1.2976010},
  urldate = {2024-06-22},
  langid = {english}
}
